[gd_scene load_steps=12 format=2]

[ext_resource path="res://maps/Room.gd" type="Script" id=1]
[ext_resource path="res://assets/test.png" type="Texture" id=2]
[ext_resource path="res://maps/Finish.tscn" type="PackedScene" id=3]

[sub_resource type="SpatialMaterial" id=1]
albedo_texture = ExtResource( 2 )
uv1_scale = Vector3( 10, 10, 10 )

[sub_resource type="CubeMesh" id=2]
material = SubResource( 1 )
size = Vector3( 20, 10, 30 )

[sub_resource type="BoxShape" id=3]
extents = Vector3( 10, 5, 15 )

[sub_resource type="CubeMesh" id=4]
material = SubResource( 1 )
size = Vector3( 10, 3, 20 )

[sub_resource type="BoxShape" id=5]
extents = Vector3( 5, 1.5, 10 )

[sub_resource type="SpatialMaterial" id=6]
albedo_texture = ExtResource( 2 )
uv1_scale = Vector3( 10, 10, 10 )

[sub_resource type="SphereMesh" id=7]
material = SubResource( 6 )
radius = 50.0
height = 100.0

[sub_resource type="SphereShape" id=8]
radius = 50.0

[node name="Race1" type="Spatial"]
script = ExtResource( 1 )
sky_color = Color( 0.545098, 0.937255, 1, 1 )
title = "Sphere"
desc = "Get to the end"
music = 1
time_limit = 120.0

[node name="Track" type="Spatial" parent="."]
transform = Transform( 1, 0, 0, 0, 1, 0, 0, 0, -1, 0, 0, 0 )

[node name="MeshInstance" type="MeshInstance" parent="Track"]
transform = Transform( 1, 0, 0, 0, 1, 0, 0, 0, 1, 0, 0, -8 )
mesh = SubResource( 2 )
material/0 = null

[node name="StaticBody" type="StaticBody" parent="Track/MeshInstance"]
collision_layer = 3
collision_mask = 0

[node name="CollisionShape" type="CollisionShape" parent="Track/MeshInstance/StaticBody"]
shape = SubResource( 3 )

[node name="MeshInstance2" type="MeshInstance" parent="Track"]
transform = Transform( 1, 0, 0, 0, 0.965926, -0.258819, 0, 0.258819, 0.965926, 0, 0, 22 )
mesh = SubResource( 4 )
material/0 = null

[node name="StaticBody" type="StaticBody" parent="Track/MeshInstance2"]
collision_layer = 3
collision_mask = 0

[node name="CollisionShape" type="CollisionShape" parent="Track/MeshInstance2/StaticBody"]
shape = SubResource( 5 )

[node name="StaticBody" type="StaticBody" parent="Track"]
transform = Transform( 1, 0, 0, 0, 0.965926, 0.258819, 0, -0.258819, 0.965926, 0, -2, 44 )
collision_layer = 3
collision_mask = 0

[node name="CollisionShape" type="CollisionShape" parent="Track/StaticBody"]
shape = SubResource( 5 )

[node name="MeshInstance3" type="MeshInstance" parent="Track/StaticBody"]
mesh = SubResource( 4 )
material/0 = null

[node name="StaticBody2" type="StaticBody" parent="Track"]
transform = Transform( 1, 0, 0, 0, 0.965926, 0.258819, 0, -0.258819, 0.965926, 0, 0, 67 )
collision_layer = 3
collision_mask = 0

[node name="CollisionShape" type="CollisionShape" parent="Track/StaticBody2"]
shape = SubResource( 5 )

[node name="MeshInstance3" type="MeshInstance" parent="Track/StaticBody2"]
mesh = SubResource( 4 )
material/0 = null

[node name="StaticBody3" type="StaticBody" parent="Track"]
transform = Transform( 0.965926, 0.0449435, -0.254887, 0, 0.984808, 0.173648, 0.258819, -0.167731, 0.951251, -10, 4, 89 )
collision_layer = 3
collision_mask = 0

[node name="CollisionShape" type="CollisionShape" parent="Track/StaticBody3"]
shape = SubResource( 5 )

[node name="MeshInstance3" type="MeshInstance" parent="Track/StaticBody3"]
mesh = SubResource( 4 )
material/0 = null

[node name="StaticBody7" type="StaticBody" parent="Track"]
transform = Transform( 0.965926, -0.0449435, 0.254887, 0, 0.984808, 0.173648, -0.258819, -0.167731, 0.951251, 10, 4, 89 )
collision_layer = 3
collision_mask = 0

[node name="CollisionShape" type="CollisionShape" parent="Track/StaticBody7"]
shape = SubResource( 5 )

[node name="MeshInstance3" type="MeshInstance" parent="Track/StaticBody7"]
mesh = SubResource( 4 )
material/0 = null

[node name="MeshInstance3" type="MeshInstance" parent="Track"]
transform = Transform( 1, 0, 0, 0, 1, 0, 0, 0, 1, 0, -39, 142 )
mesh = SubResource( 7 )
material/0 = null

[node name="StaticBody" type="StaticBody" parent="Track/MeshInstance3"]
collision_layer = 3
collision_mask = 0

[node name="CollisionShape" type="CollisionShape" parent="Track/MeshInstance3/StaticBody"]
shape = SubResource( 8 )

[node name="StaticBody4" type="StaticBody" parent="Track"]
transform = Transform( 3, 0, 0, 0, 0.866025, -1.5, 0, 0.5, 2.59808, 0, -23, 194 )
collision_layer = 3
collision_mask = 0

[node name="CollisionShape" type="CollisionShape" parent="Track/StaticBody4"]
shape = SubResource( 5 )

[node name="MeshInstance3" type="MeshInstance" parent="Track/StaticBody4"]
mesh = SubResource( 4 )
material/0 = null

[node name="StaticBody8" type="StaticBody" parent="Track"]
transform = Transform( 3, 0, 0, 0, 1, 1.90735e-06, 0, 2.08616e-07, 3, 0, -33, 231 )
collision_layer = 3
collision_mask = 0

[node name="CollisionShape" type="CollisionShape" parent="Track/StaticBody8"]
shape = SubResource( 5 )

[node name="MeshInstance3" type="MeshInstance" parent="Track/StaticBody8"]
mesh = SubResource( 4 )
material/0 = null

[node name="StaticBody5" type="StaticBody" parent="Track"]
transform = Transform( 2.12132, -0.707107, 0, 1.83712, 0.612372, -1.5, 1.06066, 0.353553, 2.59808, 16, -20, 194 )
collision_layer = 3
collision_mask = 0

[node name="CollisionShape" type="CollisionShape" parent="Track/StaticBody5"]
shape = SubResource( 5 )

[node name="MeshInstance3" type="MeshInstance" parent="Track/StaticBody5"]
mesh = SubResource( 4 )
material/0 = null

[node name="StaticBody6" type="StaticBody" parent="Track"]
transform = Transform( 2.12132, 0.707107, 0, -1.83712, 0.612372, -1.5, -1.06066, 0.353553, 2.59808, -16, -20, 194 )
collision_layer = 3
collision_mask = 0

[node name="CollisionShape" type="CollisionShape" parent="Track/StaticBody6"]
shape = SubResource( 5 )

[node name="MeshInstance3" type="MeshInstance" parent="Track/StaticBody6"]
mesh = SubResource( 4 )
material/0 = null

[node name="StaticBody9" type="StaticBody" parent="Track"]
transform = Transform( 1.90694, -0.73038, -0.750001, 2.04904, 0.683012, -0.776458, 1.07937, -0.006236, 2.79904, 21, -25, 235 )
collision_layer = 3
collision_mask = 0

[node name="CollisionShape" type="CollisionShape" parent="Track/StaticBody9"]
shape = SubResource( 5 )

[node name="MeshInstance3" type="MeshInstance" parent="Track/StaticBody9"]
mesh = SubResource( 4 )
material/0 = null

[node name="StaticBody10" type="StaticBody" parent="Track"]
transform = Transform( 1.90694, 0.73038, 0.750001, -2.04904, 0.683012, -0.776458, -1.07937, -0.006236, 2.79904, -21, -25, 235 )
collision_layer = 3
collision_mask = 0

[node name="CollisionShape" type="CollisionShape" parent="Track/StaticBody10"]
shape = SubResource( 5 )

[node name="MeshInstance3" type="MeshInstance" parent="Track/StaticBody10"]
mesh = SubResource( 4 )
material/0 = null

[node name="SpawnPositionLow" type="Position3D" parent="."]
transform = Transform( -1, 0, -8.74228e-08, 0, 1, 0, 8.74228e-08, 0, -1, -5, 5, -3 )

[node name="SpawnPositionHigh" type="Position3D" parent="."]
transform = Transform( -1, 0, -8.74228e-08, 0, 1, 0, 8.74228e-08, 0, -1, 5, 5, 19 )

[node name="VoidPosition" type="Position3D" parent="."]
transform = Transform( -4.37114e-08, 0, 1, 0, 1, 0, -1, 0, -4.37114e-08, 0, -40, 0 )

[node name="TeleportTimer" type="Timer" parent="."]
autostart = true

[node name="Finish" parent="." instance=ExtResource( 3 )]
transform = Transform( 1, 0, 0, 0, 1, 0, 0, 0, 1, 0, -24, -250 )

[node name="Camera" type="Camera" parent="."]
transform = Transform( 0.866025, -0.25, 0.433013, 0, 0.866025, 0.5, -0.5, -0.433013, 0.75, 18, 0, -198 )

[connection signal="timeout" from="TeleportTimer" to="." method="_on_TeleportTimer_timeout"]
